@Book{Hartley2004,
    author = "Hartley, R.~I. and Zisserman, A.",
    title = "Multiple View Geometry in Computer Vision",
    edition = "Second",
    year = "2004",
    publisher = "Cambridge University Press, ISBN: 0521540518"
} 

@Article{Hartley99,
    author = {Hartley, Richard I.},
    journal = {International Journal of Computer Vision},
    month = {November},
    number = {2},
    pages = {115--127},
    title = {Theory and Practice of Projective Rectification},
    url = {http://dx.doi.org/10.1023/A:1008115206617},
    volume = {35},
    year = {1999}
}

